<record><leader>00000cas a2200000 a 4500</leader><controlfield tag="001">10252509</controlfield><controlfield tag="008">831228d18761908riudn ne      0    0eng c</controlfield><datafield ind1=" " ind2=" " tag="010"><subfield code="a">sn 83021592 </subfield></datafield><datafield ind1=" " ind2=" " tag="040"><subfield code="a">NPX</subfield><subfield code="b">eng</subfield><subfield code="c">NPX</subfield><subfield code="d">RHN</subfield><subfield code="d">OCLCQ</subfield><subfield code="d">CUI</subfield><subfield code="d">UKMGB</subfield><subfield code="d">OCLCQ</subfield><subfield code="d">OCLCF</subfield></datafield><datafield ind1="7" ind2=" " tag="016"><subfield code="a">013896239</subfield><subfield code="2">Uk</subfield></datafield><datafield ind1="1" ind2=" " tag="029"><subfield code="a">AU@</subfield><subfield code="b">000020628278</subfield></datafield><datafield ind1=" " ind2=" " tag="042"><subfield code="a">pcc</subfield></datafield><datafield ind1=" " ind2=" " tag="043"><subfield code="a">n-us-ri</subfield></datafield><datafield ind1=" " ind2="4" tag="050"><subfield code="a">AN</subfield></datafield><datafield ind1="0" ind2=" " tag="130"><subfield code="a">Evening reporter (Woonsocket, R.I.)</subfield></datafield><datafield ind1="1" ind2="0" tag="245"><subfield code="a">Evening reporter.</subfield></datafield><datafield ind1=" " ind2=" " tag="260"><subfield code="a">Woonsocket, R.I. :</subfield><subfield code="b">L.B. Pease</subfield></datafield><datafield ind1=" " ind2=" " tag="300"><subfield code="a">v. ;</subfield><subfield code="c">44 cm.</subfield></datafield><datafield ind1=" " ind2=" " tag="310"><subfield code="a">Daily (except Sunday and holidays)</subfield></datafield><datafield ind1="0" ind2=" " tag="362"><subfield code="a">Vol. 6, no. 1 (Mar. 20, 1876)-v. 71, no. 39 (Nov. 14, 1908).</subfield></datafield><datafield ind1=" " ind2="0" tag="651"><subfield code="a">Woonsocket (R.I.)</subfield><subfield code="v">Newspapers.</subfield></datafield><datafield ind1=" " ind2="0" tag="651"><subfield code="a">Providence County (R.I.)</subfield><subfield code="v">Newspapers.</subfield></datafield><datafield ind1=" " ind2="7" tag="655"><subfield code="a">Newspapers.</subfield><subfield code="2">fast</subfield><subfield code="0">(OCoLC)fst01423814</subfield></datafield><datafield ind1=" " ind2="7" tag="651"><subfield code="a">Rhode Island</subfield><subfield code="z">Providence County.</subfield><subfield code="2">fast</subfield><subfield code="0">(OCoLC)fst01211868</subfield></datafield><datafield ind1=" " ind2="7" tag="651"><subfield code="a">Rhode Island</subfield><subfield code="z">Woonsocket.</subfield><subfield code="2">fast</subfield><subfield code="0">(OCoLC)fst01210496</subfield></datafield><datafield ind1=" " ind2=" " tag="752"><subfield code="a">United States</subfield><subfield code="b">Rhode Island</subfield><subfield code="c">Providence</subfield><subfield code="d">Woonsocket.</subfield></datafield><datafield ind1="0" ind2="0" tag="780"><subfield code="t">Woonsocket daily reporter</subfield><subfield code="w">(DLC)sn 92064143</subfield><subfield code="w">(OCoLC)26111787</subfield></datafield><datafield ind1="0" ind2="5" tag="780"><subfield code="t">Woonsocket daily patriot</subfield><subfield code="w">(DLC)sn 83021590</subfield><subfield code="w">(OCoLC)10251558</subfield></datafield><datafield ind1="0" ind2="5" tag="780"><subfield code="t">Woonsocket patriot (Woonsocket, R.I. : 1886)</subfield><subfield code="w">(DLC)sn 92064142</subfield><subfield code="w">(OCoLC)26111754</subfield></datafield><datafield ind1="0" ind2="7" tag="785"><subfield code="t">Evening call (Woonsocket, R.I.)</subfield><subfield code="w">(DLC)sn 92064144</subfield><subfield code="w">(OCoLC)26112010</subfield></datafield><datafield ind1="0" ind2="7" tag="785"><subfield code="t">Evening call and the evening reporter</subfield><subfield code="w">(DLC)sn 92064158</subfield><subfield code="w">(OCoLC)26229648</subfield></datafield></record>